<collection xmlns="http://www.loc.gov/MARC21/slim"><record><leader>00789nam  2200229   450</leader><controlfield tag="001">567</controlfield><controlfield tag="003">http://montalegre.opacnet.com/OPAC/default.aspx?ContentAreaControl=ShowRegHoldings.ascx&amp;RegNo=16662</controlfield><datafield tag="021" ind1=" " ind2=" "><subfield code="a">PT</subfield><subfield code="b">17997/87</subfield></datafield><datafield tag="095" ind1=" " ind2=" "><subfield code="a">PTBN00110902</subfield></datafield><datafield tag="100" ind1=" " ind2=" "><subfield code="a">19880314d1987    m  y0pora010305  ba</subfield></datafield><datafield tag="101" ind1="1" ind2=" "><subfield code="a">por</subfield><subfield code="c">ger</subfield></datafield><datafield tag="102" ind1=" " ind2=" "><subfield code="a">PT</subfield></datafield><datafield tag="200" ind1="1" ind2=" "><subfield code="a">Sobre as falésias de mármore</subfield><subfield code="f">Ernst Jünger</subfield><subfield code="g">trad., pref. e notas Rafael Gomes Filipe</subfield></datafield><datafield tag="210" ind1=" " ind2=" "><subfield code="a">Lisboa</subfield><subfield code="c">Vega</subfield><subfield code="d">D.L. 1987</subfield></datafield><datafield tag="215" ind1=" " ind2=" "><subfield code="a">160 p.</subfield><subfield code="d">23 cm</subfield></datafield><datafield tag="225" ind1="2" ind2=" "><subfield code="a">Provisórios &amp; definitivos</subfield><subfield code="i">Série especial</subfield></datafield><datafield tag="304" ind1=" " ind2=" "><subfield code="a">Tít. orig. : Auf den Marmorklippen</subfield></datafield><datafield tag="675" ind1=" " ind2=" "><subfield code="a">821</subfield><subfield code="v">bn</subfield><subfield code="z">por</subfield></datafield><datafield tag="700" ind1=" " ind2="1"><subfield code="a">Jünger</subfield><subfield code="b">Ernst</subfield><subfield code="f">1895-1998</subfield></datafield><datafield tag="702" ind1=" " ind2="1"><subfield code="a">Filipe</subfield><subfield code="b">Rafael Gomes</subfield><subfield code="4">212</subfield></datafield><datafield tag="801" ind1=" " ind2="0"><subfield code="a">PT</subfield><subfield code="b">Biblioteca Municipal de Montalegre</subfield><subfield code="g">RPC</subfield></datafield><datafield tag="856" ind1=" " ind2=" "><subfield code="u">locateMedia.asp?cod=20060518121347&amp;ext=jpg</subfield><subfield code="z">CAPA</subfield></datafield><datafield tag="909" ind1="&#9;" ind2=" "><subfield code="a">1</subfield></datafield><datafield tag="966" ind1=" " ind2=" "><subfield code="a">0008650</subfield><subfield code="l">BMM</subfield><subfield code="s">SCG 821 JUN sob</subfield></datafield></record></collection>